@book{rojo,
	title = {\'{A}lgebra II},
	author = {Rojo, Armando},
	year = {1995},
	publisher = {El Ateneo},
}

@book{hoffman,
	title = {\'{A}lgebra lineal},
	author = {Hoffman, Kenneth and Kunze, Ray},
	year = {1973},
	publisher = {Prentice-Hall Hispanoamericana},
}

@book{axler,
	title = {Linear Algebra Done Right},
	author = {Sheldon Axler},
	publisher = {Springer-Verlag New York},
	year = {2015},
	series = {Undergraduate Texts in Mathematics},
	edition = {3},
	volume = {}
}

@book{Vivaldi,
	title={Mathematical writing},
	author={Vivaldi, Franco},
	year={2014},
	publisher={Springer}
}

@article{Wang-2018,
	doi	= {10.1016/j.automatica.2018.03.067},
	title	= {Speeding up finite-time consensus via minimal polynomial of a weighted graph â€” A numerical approach},
	author	= {Wang, Zheming; Ong, Chong Jin},
	publisher	= {Elsevier Science},
	journal	= {Automatica},
	issnp	= {0005-1098},
	year	= {2018},
	month	= {07},
	volume	= {93},
	page	= {415--421},
	url =       {http://gen.lib.rus.ec/scimag/index.php?s=10.1016/j.automatica.2018.03.067},
}