@book{rojo,
	title = {\'{A}lgebra II},
	author = {Rojo, Armando},
	year = {1995},
	publisher = {El Ateneo},
}

@book{hoffman,
	title = {\'{A}lgebra lineal},
	author = {Hoffman, Kenneth and Kunze, Ray},
	year = {1973},
	publisher = {Prentice-Hall Hispanoamericana},
}

@book{axler,
	title = {Linear Algebra Done Right},
	author = {Sheldon Axler},
	publisher = {Springer-Verlag New York},
	year = {2015},
	series = {Undergraduate Texts in Mathematics},
	edition = {3},
	volume = {}
}

@book{Vivaldi,
	title={Mathematical writing},
	author={Vivaldi, Franco},
	year={2014},
	publisher={Springer}
}